@book{Hamilton_lectures,
   title =     {Lectures on Quaternions: Contaning a Systematic Statement of a New Mathematical Method},
   author =    {W. R. Hamilton },
   publisher = {},
   isbn =      {},
   year =      {1853},
   series =    {},
   edition =   {},
   volume =    {},
}

@Book{ Clifford_dual,
author = { Clifford, William Kingdo and Smith, Henry John Stephen and Tucker, Robert },
title = { Mathematical papers},
publisher = { Macmillan London },
year = { 1882 },
}


@book{book_spong,
   title =     {Robot Dynamics and Control},
   author =    {Mark W. Spong and Seth Hutchinson and M. Vidyasagar},
   publisher = {Wiley India Pvt. Limited},
   isbn =      {},
   year =      {2004},
   series =    {},
   edition =   {2},
   volume =    {},
}



%%%%%%%%%%%%%%%%%%%%%%%%%%%%%%%%%%%%%%%

%  konferencije

%%%%%%%%%%%%%%%%%%%%%%%%%%%%%%%%%%%%%%%
@INPROCEEDINGS{ur5, 
author={P. M. Kebria and S. Al-wais and H. Abdi and S. Nahavandi}, 
booktitle={2016 IEEE International Conference on Systems, Man, and Cybernetics (SMC)}, 
title={Kinematic and dynamic modelling of UR5 manipulator}, 
year={2016}, 
volume={}, 
number={}, 
pages={4229-4234},  
month={Oct},}


@INPROCEEDINGS{q_rot, 
author={Qing Tan and J. G. Balchen}, 
booktitle={Proceedings of IEEE Systems Man and Cybernetics Conference - SMC}, 
title={General quaternion transformation representation for robotic application}, 
year={1993}, 
volume={3}, 
number={}, 
pages={319-324 vol.3}, 
doi={10.1109/ICSMC.1993.385031}, 
ISSN={}, 
month={Oct},}


@INPROCEEDINGS{qd_quar_rotor_c, 
author={H. Abaunza and P. Castillo and R. Lozano and A. Victorino}, 
booktitle={2016 International Conference on Unmanned Aircraft Systems (ICUAS)}, 
title={Quadrotor aerial manipulator based on dual quaternions}, 
year={2016}, 
volume={}, 
number={}, 
pages={152-161}, 
doi={10.1109/ICUAS.2016.7502589}, 
ISSN={}, 
month={June},}



%%%%%%%%%%%%%%%%%%%%%%%%%%%%%%%%%%%%%%%

%  clanci

%%%%%%%%%%%%%%%%%%%%%%%%%%%%%%%%%%%%%%%
@article{Xu,
  title={Dual Quaternion Variational Integrator for Rigid Body Dynamic Simulation},
  author={Jiafeng Xu and Karl Henning Halse},
  journal={CoRR},
  year={2016},
  volume={abs/1611.00616}
}


@article{irb6,
title = {Modelling of kinematics of the IRb-6 manipulator},
journal = {Computers and Mathematics with Applications},
volume = "29",
number = "9",
pages = "77 - 94",
year = "1995",
author = "T. Szkodny",
keywords = "Modelling of manipulator kinematics of motion"
}


@article{dexterity,
author = {Tsuneo Yoshikawa},
title ={Manipulability of Robotic Mechanisms},
journal = {The International Journal of Robotics Research},
volume = {4},
number = {2},
pages = {3-9},
year = {1985},
}




@article{dq_control,
  title={Position and orientation control of robot manipulators using dual quaternion feedback},
  author={Hoang-Lan Pham and V{\'e}ronique Perdereau and Bruno Vilhena Adorno and Philippe Fraisse},
  journal={2010 IEEE/RSJ International Conference on Intelligent Robots and Systems},
  year={2010},
  pages={658-663}
}


@ARTICLE{qf, 
author={J. S. Yuan}, 
journal={IEEE Journal on Robotics and Automation}, 
title={Closed-loop manipulator control using quaternion feedback}, 
year={1988}, 
volume={4}, 
number={4}, 
pages={434-440}, 
doi={10.1109/56.809}, 
ISSN={0882-4967}, 
month={Aug},}


@article{dq_fkm_control,
title = "Kinematic modeling and control of a robot arm using unit dual quaternions",
journal = "Robotics and Autonomous Systems",
volume = "77",
pages = "66 - 73",
year = "2016",
issn = "0921-8890",
doi = "https://doi.org/10.1016/j.robot.2015.12.005",
url = "http://www.sciencedirect.com/science/article/pii/S0921889015301184",
author = "Erol {\"O}zg{\"u}r and Youcef Mezouar",
}


@article{dq_fkm,
title = "Robot Kinematics Using Dual Quaternions",
journal = "International Journal of Robotics and Automation",
volume = "1",
pages = "13 - 30",
year = "2012",
number = "1",
author = "Mahmoud Gouasmi and Mohammed Ouali and Fernini Brahim",
}


@Article{Wang2014,
author="Wang, Xiangke and Zhu, Huayong",
title="On the Comparisons of Unit Dual Quaternion and Homogeneous Transformation Matrix",
journal="Advances in Applied Clifford Algebras",
year="2014",
month="Mar",
day="01",
volume="24",
number="1",
pages="213--229",
issn="1661-4909",
doi="10.1007/s00006-013-0436-y",
url="https://doi.org/10.1007/s00006-013-0436-y"
}



@Article{dq_quad,
author="Abaunza, H.
and Castillo, P.
and Victorino, A.
and Lozano, R.",
title="Dual Quaternion Modeling and Control of a Quad-rotor Aerial Manipulator",
journal="Journal of Intelligent {\&} Robotic Systems",
year="2017",
month="Dec",
day="01",
volume="88",
number="2",
pages="267--283",
issn="1573-0409",
doi="10.1007/s10846-017-0519-4",
url="https://doi.org/10.1007/s10846-017-0519-4"
}






%%%%%%%%%%%%%%%%%%%%%%%%%%%%%%%%%%%%%%%

%  doktorati

%%%%%%%%%%%%%%%%%%%%%%%%%%%%%%%%%%%%%%%
@phdthesis{pdh_quaternion,
    title    = {Control of Unmanned Underwater Vehicles in Six Degrees of Freedom - A Quaternion Feedback Approach},
    school   = {The Norwegian Institute of Technology, University of Trondheim
},
    author   = {Fjellstad, Ola Erik},
    year     = {1994},
}









