% Encoding: UTF-8

@Article{McCall2005,
  author    = {John McCall},
  journal   = {Journal of Computational and Applied Mathematics},
  title     = {Genetic algorithms for modelling and optimisation},
  year      = {2005},
  month     = {dec},
  number    = {1},
  pages     = {205--222},
  volume    = {184},
  doi       = {10.1016/j.cam.2004.07.034},
  publisher = {Elsevier {BV}},
}

@InCollection{Hansen2009,
  author    = {John M. Hansen},
  booktitle = {Advanced Design of Mechanical Systems: From Analysis to Optimization},
  publisher = {Springer Vienna},
  title     = {Synthesis of Mechanisms},
  year      = {2009},
  pages     = {39--66},
  doi       = {10.1007/978-3-211-99461-0_3},
}

@Book{Chiang2000,
  author    = {Chiang, C. H.},
  publisher = {Krieger Pub},
  title     = {Kinematics and design of planar mechanisms},
  year      = {2000},
  address   = {Malabar, FL},
  isbn      = {1575241544},
}

@Article{Cabrera2002,
  author    = {J.A. Cabrera and A. Simon and M. Prado},
  journal   = {Mechanism and Machine Theory},
  title     = {Optimal synthesis of mechanisms with genetic algorithms},
  year      = {2002},
  month     = {oct},
  number    = {10},
  pages     = {1165--1177},
  volume    = {37},
  doi       = {10.1016/s0094-114x(02)00051-4},
  publisher = {Elsevier {BV}},
}

@Comment{jabref-meta: databaseType:bibtex;}
